<?xml version="1.0" encoding="UTF-8"?><collection xmlns="http://www.loc.gov/MARC21/slim"><record><leader>00447nam--2200169-i-4500</leader><controlfield tag="001">000021406</controlfield><controlfield tag="002">20161230</controlfield><controlfield tag="005">20170127204224</controlfield><controlfield tag="008">060222s1000------------r-----000-0-eng-d</controlfield><datafield ind1=" " ind2=" " tag="080"><subfield code="a">621.9.014.5</subfield></datafield><datafield ind1=" " ind2=" " tag="100"><subfield code="a">Gherst, V. M</subfield></datafield><datafield ind1=" " ind2=" " tag="245"><subfield code="a">Prelucrarea rapida a metalelor in uzinele constroctoare de masini</subfield></datafield><datafield ind1=" " ind2=" " tag="260"><subfield code="a">Bucuresti</subfield><subfield code="b">Editura Tehnica</subfield><subfield code="c">1950</subfield></datafield><datafield ind1=" " ind2=" " tag="300"><subfield code="a">100 p</subfield></datafield><datafield ind1=" " ind2=" " tag="700"><subfield code="a">Popov, P. I</subfield></datafield><datafield ind1=" " ind2=" " tag="852"><subfield code="a">26666</subfield></datafield><datafield ind1=" " ind2=" " tag="CAT"><subfield code="a">SYS</subfield><subfield code="c">20170127</subfield><subfield code="h">204224</subfield></datafield></record></collection>